% Bibliography File for Simon Spicer's collected writeups
% c. 2014

@article{Bob-2011,
	author = "Bober, Jonathan W. ",
	title = "Conditionally bounding analytic ranks of elliptic curves",
	year = "2011",
	journal = "The arXiv",
	archivePrefix = "arXiv",
	wprint = "1112.1503",
	url = "\url{http://arxiv.org/pdf/1112.1503.pdf}",
	pages = "1-9"
	}

@article{HiS-1988,
	year={1988},
	issn={0020-9910},
	journal={Inventiones mathematicae},
	volume={93},
	number={2},
	doi={10.1007/BF01394340},
	title={The canonical height and integral points on elliptic curves},
	url={http://dx.doi.org/10.1007/BF01394340},
	publisher={Springer-Verlag},
	author={Hindry, M. and Silverman, J.H.},
	pages={419-450},
	language={English}
	}

@Book{Lang-1997,
	Author = "Lang, Serge",
	Title = "Survey of diophantine geometry",
	Edition = "Corr. 2nd printing",
	ISBN = "3-540-61223-8/pbk",
	Pages = "xi + 298",
	Year = "1997",
	Publisher = "Berlin: Springer",
	Language = "English",
	}

@book{Sil-1985,
	author = "Silverman, Joseph H.",
	howpublished = "Hardcover",
	isbn = "0387962034",
	month = "Dec",
	publisher = "Springer",
	title = "The Arithmetic of Elliptic Curves (Graduate Texts in Mathematics)",
	url = "http://www.springer.com/mathematics/algebra/book/978-0-387-09493-9",
	year = "1985"
	}